%skabeloner////

@article{einstein,
    author =       "Albert Einstein",
    title =        "{Zur Elektrodynamik bewegter K{\"o}rper}. ({German})
        [{On} the electrodynamics of moving bodies]",
    journal =      "Annalen der Physik",
    volume =       "322",
    number =       "10",
    pages =        "891--921",
    year =         "1905",
    url =          "http://dx.doi.org/10.1002/andp.19053221004"
}

	
@online{Furps,
    author = "business analyst training in hyderabad â€“ COEPD",
    title = "What is FURPS+?",
    year = "12. december 2018",
    url = "https://businessanalysttraininghyderabad.wordpress.com/2014/08/05/what-is-furps/"
}

%skabeloner//

%Analyse - START
@BOOK{DataAnalyse,
    title = "WePlannerBilag, Analyse, DataAnalyse"}

@online{MongoVSsql,
    author = "EDUCBA",
    title = "Differences Between MongoDB vs SQL Server",
    url = "https://www.educba.com/mongodb-vs-sql-server/"
}

@online{UnoEuro,
    author = "UnoEuro",
    title = "WebHosting of Webapplication",
    url = "https://www.unoeuro.com/"
}

@article{DAB,
    author = "ASE",
    year = "2019",
    title = "Dab kursus foraar 2019"
}

@online{NUnit,
    author = "Charlie Poole, Rob Prouse, Simone Busoli",
    title = "NUnit",
    url = "http://nunit.org/"
}

@online{NSubstitute,
    author = "Open source",
    title = "NSubstitute",
    url = "https://nsubstitute.github.io/"
}

@online{CRUD,
    author = "CodeAcademy",
    title = "What is CRUD?",
    url = "https://www.codecademy.com/articles/what-is-crud"
}

@online{Razor,
    author = "Rick Anderson, Ryan Nowak",
    title = "Introduction to Razor Pages in ASP.NET Core",
    url = "https://docs.microsoft.com/en-us/aspnet/core/razor-pages/?view=aspnetcore-2.2&tabs=visual-studio"
}


@online{Jenkins,
    author= "Jenkins",
    title = "Jenkins",
    url = "https://jenkins.io/press/"
}

@online{FullCalendar,
    author = "Adam Shaw, FullCalendar LLC",
    title = "FullCalendar",
    url = "https://fullcalendar.io",
    year = "2019"
}

%Analyse - STOP

@BOOK{KravspecUserStoriesPlanning,
    title = "WePlannerBilag, Kravspecifikation, UserStories, Planlaegning"}

@BOOK{ArkitekturCalendar,
    title = "WePlannerBilag, Arkitektur, Calendar",
}

@BOOK{DesignOgImplementationCalendar,
    title = "WePlannerBilag, DesignOgImplementation, Calendar",
}

@BOOK{ArkitekturOverordnet,
    title = "WePlannerBilag, Arkitektur",
}

@BOOK{ArkitekturPlanning,
    title = "WePlannerBilag, Arkitektur, Planning",
}

@BOOK{DesignOgImplPlanning,
    title = "WePlannerBilag, Design og Implementering, Planning"
}
@online{DAB_Kursuskatalog,
    author= "AARHUS UNIVERSITY SCHOOL OF ENGINEERING",
    title = "I4DAB",
    url = "https://kursuskatalog.au.dk/en/course/89934"
}

@online{Stackify,
    author = "Stackify",
    title = "Stackify",
    url = "https://stackify.com/"
}

@online{Reflection,
    author = "Microsoft",
    title = "Reflection (C\#)",
    url = "https://docs.microsoft.com/en-us/dotnet/csharp/programming-guide/concepts/reflection"
}

@online{EF_core,
    author = "Microsoft",
    title = "Entity Framework Core",
    url = "https://docs.microsoft.com/en-us/ef/core/"
}

@BOOK{ArkitekturDashboard,
    title = "WePlannerBilag, Arkitektur, Dashboard",
}

@BOOK{DesignOgImplementationDashboard,
    title = "WePlannerBilag, DesignOgImplementation, Dashboard",
}

%Proces - START

@online{AzureDevOps,
    author = "Microsoft",
    title = "Azure DevOps",
    url = "https://azure.microsoft.com/da-dk/services/devops/"
}

@online{Scrum,
    author = "Scrum.org",
    title = "Scrum",
    url = "https://www.scrum.org/"
}

% Arkitektur start

@online{paymentPartERD,
     title = "WePlannerBilag, Arkitektur, Betaling",
}

@online{weShare,
    author = "MobilePay Denmark A/S",
    title = "Del jeres udgifter med WeShare",
    url = "https://www.mobilepay.dk/privat/weshare-page"
}




% Arkitektur stop